@inproceedings{msr17challenge,
 title={TravisTorrent: Synthesizing Travis CI and GitHub for Full-Stack Research on Continuous Integration},
 author={Beller, Moritz and Gousios, Georgios and Zaidman, Andy},
 booktitle={Proceedings of the 14th working conference on mining software repositories},
 preprint={http://www.st.ewi.tudelft.nl/~mbeller/publications/2017_beller_gousios_zaidman_travistorrent_synthesizing_travis_ci_and_github_for_full-stack_research_on_continuous_integration.pdf},
 year={2017}
}

@inproceedings{islam2017insights,
  title={Insights into continuous integration build failures},
  author={Islam, Md Rakibul and Zibran, Minhaz F},
  booktitle={2017 IEEE/ACM 14th International Conference on Mining Software Repositories (MSR)},
  pages={467--470},
  year={2017},
  organization={IEEE}
}

@inproceedings{orellana2017differences,
  title={On the differences between unit and integration testing in the travistorrent dataset},
  author={Orellana, Gerardo and Laghari, Gulsher and Murgia, Alessandro and Demeyer, Serge},
  booktitle={2017 IEEE/ACM 14th International Conference on Mining Software Repositories (MSR)},
  pages={451--454},
  year={2017},
  organization={IEEE}
}

@inproceedings{ni2017cost,
  title={Cost-effective build outcome prediction using cascaded classifiers},
  author={Ni, Ansong and Li, Ming},
  booktitle={2017 IEEE/ACM 14th International Conference on Mining Software Repositories (MSR)},
  pages={455--458},
  year={2017},
  organization={IEEE}
}

@inproceedings{zampetti2017open,
  title={How open source projects use static code analysis tools in continuous integration pipelines},
  author={Zampetti, Fiorella and Scalabrino, Simone and Oliveto, Rocco and Canfora, Gerardo and Di Penta, Massimiliano},
  booktitle={2017 IEEE/ACM 14th International Conference on Mining Software Repositories (MSR)},
  pages={334--344},
  year={2017},
  organization={IEEE}
}

@inproceedings{bisong2017built,
  title={Built to last or built too fast? evaluating prediction models for build times},
  author={Bisong, Ekaba and Tran, Eric and Baysal, Olga},
  booktitle={2017 IEEE/ACM 14th International Conference on Mining Software Repositories (MSR)},
  pages={487--490},
  year={2017},
  organization={IEEE}
}

@inproceedings{machalica2019predictive,
  title={Predictive test selection},
  author={Machalica, Mateusz and Samylkin, Alex and Porth, Meredith and Chandra, Satish},
  booktitle={2019 IEEE/ACM 41st International Conference on Software Engineering: Software Engineering in Practice (ICSE-SEIP)},
  pages={91--100},
  year={2019},
  organization={IEEE}
}

@inproceedings{brandt2020logchunks,
	Author = {Brandt, Carolin E. and Panichella, Annibale and Zaidman, Andy and Beller, Moritz},
	Booktitle = {17th International Conference on Mining Software Repositories (MSR)},
	Organization = {ACM},
	Title = {LogChunks: A Data Set for Build Log Analysis},
	Year = {2020}
}
