
@inproceedings{hilton2016usage,
	Author = {Hilton, Michael and Tunnell, Timothy and Huang, Kai and Marinov, Darko and Dig, Danny},
	Booktitle = {Proceedings of the 31st International Conference on Automated Software Engineering (ASE)},
	Organization = {ACM},
	Pages = {426--437},
	Title = {Usage, Costs, and Benefits of Continuous Integration in Open-Source Projects},
	Year = {2016}}

@inproceedings{beller2017oops,
	Author = {Beller, Moritz and Gousios, Georgios and Zaidman, Andy},
	Booktitle = {Proceedings of the 14th IEEE/ACM International Conference on Mining Software Repositories (MSR)},
	Organization = {IEEE},
	Pages = {356--367},
	Title = {Oops, My Tests Broke the Build: An Explorative Analysis of Travis CI with GitHub},
	Year = {2017}}

@inproceedings{beller2017travistorrent,
	Author = {Beller, Moritz and Gousios, Georgios and Zaidman, Andy},
	Booktitle = {Proceedings of the 14th IEEE/ACM International Conference on Mining Software Repositories (MSR)},
	Organization = {IEEE},
	Pages = {447--450},
	Title = {TravisTorrent: Synthesizing Travis CI and GitHub for Full-Stack Research on Continuous Integration},
	Year = {2017}}

@inproceedings{michael2019regexes,
	Author = {Michael IV, Louis G and Donohue, James and Davis, James C and Lee, Dongyoon and Servant, Francisco},
	Booktitle = {Proceedings of the 34th IEEE/ACM International Conference on Automated Software Engineering (ASE)},
	Title = {Regexes Are Hard: Decision-Making, Difficulties, and Risks in Programming Regular Expressions},
	Year = {2019}}

@inproceedings{vassallo2018un-break,
	Author = {Vassallo, Carmine and Proksch, Sebastian and Zemp, Timothy and Gall, Harald C},
	Booktitle = {Proceedings of the 26th IEEE International Conference on Program Comprehension (ICPC)},
	Organization = {ACM},
	Pages = {41--51},
	Title = {Un-Break My Build: Assisting Developers with Build Repair Hints},
	Year = {2018}}

@inproceedings{amar2019mining,
	Author = {Amar, Anunay and Rigby, Peter C},
	Booktitle = {Proceedings of the 41st International Conference on Software Engineering (ICSE)},
	Organization = {IEEE},
	Pages = {140--151},
	Title = {Mining Historical Test Logs to Predict Bugs and Localize Faults in the Test Logs},
	Year = {2019}}

@article{staahl2014modeling,
	Author = {St{\aa}hl, Daniel and Bosch, Jan},
	Journal = {Journal of Systems and Software},
	Pages = {48--59},
	Title = {Modeling Continuous Integration Practice Differences in Industry Software Development},
	Volume = {87},
	Year = {2014}}

@inproceedings{gousios2013ghtorrent,
	Author = {Gousios, Georgios},
	Booktitle = {Proceedings of the 10th IEEE Working Conference on Mining Software Repositories (MSR)},
	Pages = {233--236},
	Publisher = {IEEE},
	Title = {The Ghtorrent Dataset and Tool Suite},
	Year = {2013}}

@misc{travis2009buildstatus,
	Howpublished = {https://docs.travis-ci.com/user/job-lifecycle/\#breaking-the-build},
	Note = {Accessed: 2019-11-18},
	Title = {Travis Build Status},
	Author = {Travis CI},
	Year = {2019}}

@misc{travis2019logfolds,
	Howpublished = {https://blog.travis-ci.com/2013-05-22-improving-build-visibility-log-folds},
	Note = {Accessed: 2019-11-18},
	Title = {Travis Log Folds},
	Author = {Travis CI},
	Year = {2019}}

@misc{travisci2019apidoc,
	Howpublished = {https://developer.travis-ci.org/},
	Note = {Accessed: 2019-10-25},
	Title = {Travis CI API},
	Author = {Travis CI},
	Year = {2019}}

@misc{travisci2019webpage,
	Howpublished = {https://travis-ci.org},
	Note = {Accessed: 2019-10-25},
	Title = {Travis CI},
	Author = {Travis CI},
	Year = {2019}}

@misc{loriot2019dataset,
	Howpublished = {https://github.com/kth-tcs/travis-ci-build-log-dataset},
	Note = {Accessed: 2019-11-21},
	Title = {Travis CI Build Log Data Set},
	Author = {Travis CI},
	Year = {2019}}

@article{loriot2019styler,
	Author = {Loriot, Benjamin and Madeiral, Fernanda and Monperrus, Martin},
	Journal = {arXiv preprint arXiv:1904.01754},
	Title = {Styler: Learning Formatting Conventions to Repair Checkstyle Errors},
	Year = {2019}}

@misc{github2019website,
	Howpublished = {https://github.com/},
	Note = {Accessed: 2019-11-21},
	Title = {GitHub},
	Author = {GitHub},
	Year = {2019}}

@inproceedings{seo2014programmers,
	Author = {Seo, Hyunmin and Sadowski, Caitlin and Elbaum, Sebastian and Aftandilian, Edward and Bowdidge, Robert},
	Booktitle = {Proceedings of the 36th International Conference on Software Engineering (ICSE)},
	Organization = {ACM},
	Pages = {724--734},
	Title = {Programmers' Build Errors: A Case Study (At Google)},
	Year = {2014}}

@inproceedings{vassallo2017a-tale,
	Author = {Vassallo, Carmine and Schermann, Gerald and Zampetti, Fiorella and Romano, Daniele and Leitner, Philipp and Zaidman, Andy and Di Penta, Massimiliano and Panichella, Sebastiano},
	Booktitle = {Proceedings of the 33th IEEE International Conference on Software Maintenance and Evolution (ICSME)},
	Organization = {IEEE},
	Pages = {183--193},
	Title = {A Tale of CI Build Failures: An Open Source and a Financial Organization Perspective},
	Year = {2017}}

@inproceedings{zampetti2017open,
	Author = {Zampetti, Fiorella and Scalabrino, Simone and Oliveto, Rocco and Canfora, Gerardo and Di Penta, Massimiliano},
	Booktitle = {Proceedings of the 14th IEEE/ACM International Conference on Mining Software Repositories (MSR)},
	Organization = {IEEE},
	Pages = {334--344},
	Title = {How Open Source Projects Use Static Code Analysis Tools in Continuous Integration Pipelines},
	Year = {2017}}

@inproceedings{vasilescu2015quality,
	Author = {Vasilescu, Bogdan and Yu, Yue and Wang, Huaimin and Devanbu, Premkumar and Filkov, Vladimir},
	Booktitle = {Proceedings of the 10th Joint Meeting on Foundations of Software Engineering},
	Organization = {ACM},
	Pages = {805--816},
	Title = {Quality and Productivity Outcomes Relating to Continuous Integration in GitHub},
	Year = {2015}}

@book{duvall2007continuous,
	Author = {Duvall, Paul M and Matyas, Steve and Glover, Andrew},
	Publisher = {Pearson Education},
	Title = {Continuous Integration: Improving Software Quality and Reducing Risk},
	Year = {2007}}

@inproceedings{miller2008hundred,
	Author = {Miller, Ade},
	Booktitle = {Agile 2008 Conference},
	Organization = {IEEE},
	Pages = {289--293},
	Title = {A Hundred Days of Continuous Integration},
	Year = {2008}}

@inproceedings{downs2012ambient,
	Author = {Downs, John and Plimmer, Beryl and Hosking, John G},
	Booktitle = {Proceedings of the 34th International Conference on Software Engineering (ICSE)},
	Organization = {IEEE},
	Pages = {507--517},
	Title = {Ambient Awareness of Build Status in Collocated Software Teams},
	Year = {2012}}

@inproceedings{sim2003using,
	Author = {Sim, Susan Elliott and Easterbrook, Steve and Holt, Richard C},
	Booktitle = {Proceedings of the 25th International Conference on Software Engineering (ICSE)},
	Organization = {IEEE},
	Pages = {74--83},
	Title = {Using Benchmarking to Advance Research: A Challenge to Software Engineering},
	Year = {2003}}

@article{kalliamvakou2016depth,
	Author = {Kalliamvakou, Eirini and Gousios, Georgios and Blincoe, Kelly and Singer, Leif and German, Daniel M and Damian, Daniela},
	Journal = {Empirical Software Engineering},
	Number = {5},
	Pages = {2035--2071},
	Title = {An In-Depth Study of the Promises and Perils of Mining GitHub},
	Volume = {21},
	Year = {2016}}

@inproceedings{zhu2019tools,
	Author = {Zhu, Jieming and He, Shilin and Liu, Jinyang and He, Pinjia and Xie, Qi and Zheng, Zibin and Lyu, Michael R},
	Booktitle = {Proceedings of the 41st IEEE/ACM International Conference on Software Engineering: Software Engineering in Practice (ICSE-SEIP)},
	Organization = {IEEE},
	Pages = {121--130},
	Title = {Tools and Benchmarks for Automated Log Parsing},
	Year = {2019}}

@inproceedings{cassee2019silent,
	Author = {Cassee, Nathan and Vasilescu, Bogdan and Serebrenik, Alexander},
	Booktitle = {Proceedings of the 27th IEEE International Conference on Software Analysis, Evolution and Reengineering (SANER)},
	Organization = {IEEE Computer Society},
	Title = {The Silent Helper: The Impact of Continuous Integration on Code Reviews},
	Year = {2019}}
