
@inproceedings{yessenov2013a-colorful,
	Author = {Yessenov, Kuat and Tulsiani, Shubham and Menon, Aditya and Miller, Robert C and Gulwani, Sumit and Lampson, Butler and Kalai, Adam},
	Booktitle = {Proceedings of the 26th annual ACM symposium on User interface software and technology},
	Organization = {ACM},
	Pages = {495--504},
	Title = {A colorful approach to text processing by example},
	Year = {2013}}

@article{xi2010a-context-free,
	Author = {Xi, Qian and Walker, David},
	Journal = {ACM Sigplan Notices},
	Number = {6},
	Pages = {221--232},
	Title = {A context-free markup language for semi-structured text},
	Volume = {45},
	Year = {2010}}

@inproceedings{cody-kenny2017a-search,
	Author = {Cody-Kenny, Brendan and Fenton, Michael and Ronayne, Adrian and Considine, Eoghan and McGuire, Thomas and O'Neill, Michael},
	Booktitle = {Proceedings of the Genetic and Evolutionary Computation Conference},
	Organization = {ACM},
	Pages = {1280--1287},
	Title = {A search for improved performance in regular expressions},
	Year = {2017}}

@inproceedings{vassallo2017a-tale,
	Author = {Vassallo, Carmine and Schermann, Gerald and Zampetti, Fiorella and Romano, Daniele and Leitner, Philipp and Zaidman, Andy and Di Penta, Massimiliano and Panichella, Sebastiano},
	Booktitle = {2017 IEEE International Conference on Software Maintenance and Evolution (ICSME)},
	Organization = {IEEE},
	Pages = {183--193},
	Title = {A tale of CI build failures: An open source and a financial organization perspective},
	Year = {2017}}

@inproceedings{mcintosh2011an-empirical,
	Author = {McIntosh, Shane and Adams, Bram and Nguyen, Thanh HD and Kamei, Yasutaka and Hassan, Ahmed E},
	Booktitle = {2011 33rd International Conference on Software Engineering (ICSE)},
	Organization = {IEEE},
	Pages = {141--150},
	Title = {An empirical study of build maintenance effort},
	Year = {2011}}

@inproceedings{raza2017automated,
	Author = {Raza, Mohammad and Gulwani, Sumit},
	Booktitle = {Thirty-First AAAI Conference on Artificial Intelligence},
	Title = {Automated data extraction using predictive program synthesis},
	Year = {2017}}

@inproceedings{bartoli2012automatic,
	Author = {Bartoli, Alberto and Davanzo, Giorgio and De Lorenzo, Andrea and Mauri, Marco and Medvet, Eric and Sorio, Enrico},
	Booktitle = {Proceedings of the 14th annual conference companion on Genetic and evolutionary computation},
	Organization = {ACM},
	Pages = {1477--1478},
	Title = {Automatic generation of regular expressions from examples with genetic programming},
	Year = {2012}}

@inproceedings{gulwani2011automating,
	Author = {Gulwani, Sumit},
	Booktitle = {ACM Sigplan Notices},
	Number = {1},
	Organization = {ACM},
	Pages = {317--330},
	Title = {Automating string processing in spreadsheets using input-output examples},
	Volume = {46},
	Year = {2011}}

@inproceedings{lieberman1995bridging,
	Author = {Lieberman, Henry and Fry, Christopher},
	Booktitle = {CHI},
	Organization = {Citeseer},
	Pages = {480--486},
	Title = {Bridging the gulf between code and behavior in programming},
	Volume = {95},
	Year = {1995}}

@inproceedings{neitsch2012build,
	Author = {Neitsch, Andrew and Wong, Kenny and Godfrey, Michael W},
	Booktitle = {2012 28th IEEE International Conference on Software Maintenance (ICSM)},
	Organization = {IEEE},
	Pages = {140--149},
	Title = {Build system issues in multilanguage software},
	Year = {2012}}

@inproceedings{wang2019exploring,
	Author = {Wang, Peipei and Bai, Gina R and Stolee, Kathryn T},
	Booktitle = {2019 IEEE 26th International Conference on Software Analysis, Evolution and Reengineering (SANER)},
	Organization = {IEEE},
	Pages = {502--513},
	Title = {Exploring Regular Expression Evolution},
	Year = {2019}}

@inproceedings{le2014flashextract:,
	Author = {Le, Vu and Gulwani, Sumit},
	Booktitle = {ACM SIGPLAN Notices},
	Number = {6},
	Organization = {ACM},
	Pages = {542--553},
	Title = {FlashExtract: a framework for data extraction by examples},
	Volume = {49},
	Year = {2014}}

@inproceedings{polozov2015flashmeta:,
	Author = {Polozov, Oleksandr and Gulwani, Sumit},
	Booktitle = {ACM SIGPLAN Notices},
	Number = {10},
	Organization = {ACM},
	Pages = {107--126},
	Title = {FlashMeta: a framework for inductive program synthesis},
	Volume = {50},
	Year = {2015}}

@inproceedings{fisher2008from,
	Author = {Fisher, Kathleen and Walker, David and Zhu, Kenny Q and White, Peter},
	Booktitle = {ACM SIGPLAN Notices},
	Number = {1},
	Organization = {ACM},
	Pages = {421--434},
	Title = {From dirt to shovels: fully automatic tool generation from ad hoc data},
	Volume = {43},
	Year = {2008}}

@article{mitchell1982generalization,
	Author = {Mitchell, Tom M},
	Journal = {Artificial intelligence},
	Number = {2},
	Pages = {203--226},
	Title = {Generalization as search},
	Volume = {18},
	Year = {1982}}

@inproceedings{stevenson2012grammatical,
	Author = {Stevenson, Andrew and Cordy, James R},
	Booktitle = {International Conference on Software Language Engineering},
	Organization = {Springer},
	Pages = {204--223},
	Title = {Grammatical inference in software engineering: an overview of the state of the art},
	Year = {2012}}

@inproceedings{chang2001iepad:,
	Author = {Chang, Chia-Hui and Lui, Shao-Chen},
	Booktitle = {Proceedings of the 10th international conference on World Wide Web},
	Organization = {ACM},
	Pages = {681--688},
	Title = {IEPAD: information extraction based on pattern discovery},
	Year = {2001}}

@article{svingen1998learning,
	Author = {Svingen, Borge},
	Journal = {Proc. Genetic Programming},
	Pages = {374--376},
	Title = {Learning regular languages using genetic programming},
	Year = {1998}}

@inproceedings{rolim2017learning,
	Author = {Rolim, Reudismam and Soares, Gustavo and D'Antoni, Loris and Polozov, Oleksandr and Gulwani, Sumit and Gheyi, Rohit and Suzuki, Ryo and Hartmann, Bj{\"o}rn},
	Booktitle = {Proceedings of the 39th International Conference on Software Engineering},
	Organization = {IEEE Press},
	Pages = {404--415},
	Title = {Learning syntactic program transformations from examples},
	Year = {2017}}

@inproceedings{ellis2017learning,
	Author = {Ellis, Kevin and Gulwani, Sumit},
	Booktitle = {IJCAI},
	Pages = {1638--1645},
	Title = {Learning to Learn Programs from Examples: Going Beyond Program Structure.},
	Year = {2017}}

@inproceedings{reidemeister2011mining,
	Author = {Reidemeister, Thomas and Jiang, Miao and Ward, Paul AS},
	Booktitle = {12th IFIP/IEEE International Symposium on Integrated Network Management (IM 2011) and Workshops},
	Organization = {IEEE},
	Pages = {377--384},
	Title = {Mining unstructured log files for recurrent fault diagnosis},
	Year = {2011}}

@inproceedings{bartoli2016on-the-automatic,
	Author = {Bartoli, Alberto and De Lorenzo, Andrea and Medvet, Eric and Tarlao, Fabiano},
	Booktitle = {Proceedings of the 2016 on Genetic and Evolutionary Computation Conference Companion},
	Organization = {ACM},
	Pages = {155--156},
	Title = {On the automatic construction of regular expressions from examples (gp vs. humans 1-0)},
	Year = {2016}}

@inproceedings{beller2017oops,
	Author = {Beller, Moritz and Gousios, Georgios and Zaidman, Andy},
	Booktitle = {2017 IEEE/ACM 14th International Conference on Mining Software Repositories (MSR)},
	Organization = {IEEE},
	Pages = {356--367},
	Title = {Oops, my tests broke the build: An explorative analysis of Travis CI with GitHub},
	Year = {2017}}

@inproceedings{miller2001outlier,
	Author = {Miller, Robert C and Myers, Brad A},
	Booktitle = {Proceedings of the 14th annual ACM symposium on User interface software and technology},
	Organization = {ACM},
	Pages = {81--90},
	Title = {Outlier finding: Focusing user attention on possible errors},
	Year = {2001}}

@inproceedings{seo2014programmers,
	Author = {Seo, Hyunmin and Sadowski, Caitlin and Elbaum, Sebastian and Aftandilian, Edward and Bowdidge, Robert},
	Booktitle = {Proceedings of the 36th International Conference on Software Engineering},
	Organization = {ACM},
	Pages = {724--734},
	Title = {Programmers' build errors: a case study (at google)},
	Year = {2014}}

@inproceedings{harris2011spreadsheet,
	Author = {Harris, William R and Gulwani, Sumit},
	Booktitle = {ACM SIGPLAN Notices},
	Number = {6},
	Organization = {ACM},
	Pages = {317--328},
	Title = {Spreadsheet table transformations from examples},
	Volume = {46},
	Year = {2011}}

@inproceedings{rastkar2010summarizing,
	Author = {Rastkar, Sarah and Murphy, Gail C and Murray, Gabriel},
	Booktitle = {2010 ACM/IEEE 32nd International Conference on Software Engineering},
	Organization = {IEEE},
	Pages = {505--514},
	Title = {Summarizing software artifacts: a case study of bug reports},
	Volume = {1},
	Year = {2010}}

@inproceedings{haiduc2010supporting,
	Author = {Haiduc, Sonia and Aponte, Jairo and Marcus, Andrian},
	Booktitle = {Proceedings of the 32nd ACM/IEEE International Conference on Software Engineering-Volume 2},
	Organization = {ACM},
	Pages = {223--226},
	Title = {Supporting program comprehension with source code summarization},
	Year = {2010}}

@inproceedings{fisher2011the-pads,
	Author = {Fisher, Kathleen and Walker, David},
	Booktitle = {Proceedings of the 14th International Conference on Database Theory},
	Organization = {ACM},
	Pages = {11--17},
	Title = {The PADS project: an overview},
	Year = {2011}}

@inproceedings{hilton2017trade-offs,
	Author = {Hilton, Michael and Nelson, Nicholas and Tunnell, Timothy and Marinov, Darko and Dig, Danny},
	Booktitle = {Proceedings of the 2017 11th Joint Meeting on Foundations of Software Engineering},
	Organization = {ACM},
	Pages = {197--207},
	Title = {Trade-offs in continuous integration: assurance, security, and flexibility},
	Year = {2017}}

@inproceedings{beller2017travistorrent:,
	Author = {Beller, Moritz and Gousios, Georgios and Zaidman, Andy},
	Booktitle = {Proceedings of the 14th International Conference on Mining Software Repositories},
	Organization = {IEEE press},
	Pages = {447--450},
	Title = {Travistorrent: Synthesizing travis ci and github for full-stack research on continuous integration},
	Year = {2017}}

@inproceedings{vassallo2018un-break,
	Author = {Vassallo, Carmine and Proksch, Sebastian and Zemp, Timothy and Gall, Harald C},
	Booktitle = {Proceedings of the 26th Conference on Program Comprehension},
	Organization = {ACM},
	Pages = {41--51},
	Title = {Un-break my build: assisting developers with build repair hints},
	Year = {2018}}

@inproceedings{mayer2015user,
	Author = {Mayer, Mika{\"e}l and Soares, Gustavo and Grechkin, Maxim and Le, Vu and Marron, Mark and Polozov, Oleksandr and Singh, Rishabh and Zorn, Benjamin and Gulwani, Sumit},
	Booktitle = {Proceedings of the 28th Annual ACM Symposium on User Interface Software \& Technology},
	Organization = {ACM},
	Pages = {291--301},
	Title = {User interaction models for disambiguation in programming by example},
	Year = {2015}}

@article{lau2009why-programming-by-demonstration,
	Author = {Lau, Tessa},
	Journal = {AI Magazine},
	Number = {4},
	Pages = {65--65},
	Title = {Why programming-by-demonstration systems fail: Lessons learned for usable AI},
	Volume = {30},
	Year = {2009}}
